<?xml version="1.0" encoding="UTF-8"?><collection xmlns="http://www.loc.gov/MARC21/slim"><record><leader>00414nam--2200121-i-4500</leader><controlfield tag="001">000005958</controlfield><controlfield tag="002">20161230</controlfield><controlfield tag="005">20161230201026</controlfield><controlfield tag="008">060222s1000------------r-----000-0-eng-d</controlfield><datafield ind1=" " ind2=" " tag="245"><subfield code="a">Fundamental problems in statistical mechanics. proceedings of the nuffic internat. summer cou rse in science at nijenrode castle, aug.1961</subfield></datafield><datafield ind1=" " ind2=" " tag="260"><subfield code="a">Amsterdam, North-holland Publ.Co.,1962</subfield></datafield><datafield ind1=" " ind2=" " tag="490"><subfield code="a">Xii+249 P</subfield></datafield><datafield ind1=" " ind2=" " tag="700"><subfield code="a">Cohen, E.G.D</subfield></datafield></record></collection>